2132 3921
274 331 416 362 nunes.
1127 315 1189 362 76
1793 335 2018 366 Resinam.

509 466 549 491 α·
582 455 828 502 umbrosus
863 453 1024 500 Arrh.
1063 453 1206 517 (caule
1242 453 1377 500 sterili
1410 470 1537 518 parce
1572 454 1781 502 aciculato
1812 454 1879 502 vel
1907 454 2015 501 sub-

591 540 740 598 nudo,
779 540 893 586 foliis
923 538 1064 602 planis
1100 535 1439 602 glabriusculis).

508 627 554 672 β’
586 626 790 690 agrestis
820 624 965 671 Whe
1001 630 1043 668 et
1079 622 1132 669 N.
1170 621 1234 669 ab
1271 622 1351 668 Es.
1389 619 1532 685 (caule
1566 621 1743 669 densius
1778 621 2015 677 aciculato,

588 711 701 757 foliis
731 708 944 772 rugulosis
965 743 976 763 ,
1014 706 1168 753 subtus
1197 707 1473 754 hol-oserieeis
1503 706 1571 753 vel
1599 704 1971 768 subtomentosis).

506 810 549 845 7·
580 797 778 842 vestitus
813 792 1054 840 Arrhen.
1102 790 1235 856 (loliis
1282 791 1555 848 minoribuS,
1607 793 1815 855 utrinque
1855 788 2015 854 pubes⁶

580 880 840 934 conti-hirtis
861 914 871 934 ,
908 878 1113 940 panicula
1147 875 1668 941 aciculai·i·glandulosa).
1721 874 1783 922 R.
1809 874 2013 940 glandu-

585 968 712 1013 tosus
741 979 802 1013 η.
831 978 867 1007 Β.
899 979 932 1008 ε.
971 980 1012 1025 p.
1035 960 1131 1008 390
1162 962 1250 1008 fide
1275 979 1390 1025 spec.
1425 961 1556 1007 Herb.
1587 960 1675 1027 VZ.

503 1051 558 1096 In
592 1049 754 1096 Herl).:
809 1059 850 1084 a.
882 1046 1259 1102 Zuid-Beveland,
1298 1065 1338 1092 ν.
1369 1047 1411 1092 d.
1444 1047 1523 1107 B.;
1561 1046 1609 1091 ῥ’-
1639 1044 1846 1108 Leyden,
1883 1045 2014 1091 Haar-

434 1135 523 1180 lem
544 1172 554 1190 ,
608 1134 812 1196 Kampen
834 1170 844 1188 ‚
899 1131 1044 1188 Beek,
1083 1130 1465 1191 Zuid-Beveland3
1519 1144 1566 1180 21·
1597 1131 1765 1178 duinen
1798 1129 1833 1176 's
1862 1130 1980 1193 Hage
1999 1166 2013 1188 ‚

433 1217 564 1263 Herb.
597 1217 683 1262 VZ.
754 1215 1037 1262 Bovendien:
1075 1215 1243 1261 duinen
1278 1215 1572 1275 VValcheren,
1611 1236 1649 1264 v.
1675 1216 1718 1263 d.
1743 1216 1794 1263 Β.
1813 1218 1860 1261 in
1879 1215 2010 1262 Herb.

430 1319 527 1365 pr.;
567 1301 814 1366 (Overveen
833 1338 844 1356 ,
882 1319 973 1347 enz.
1010 1318 1050 1347 v,
1078 1299 1206 1346 Hall
1240 1316 1301 1347 η.
1333 1318 1368 1348 Β.
1396 1299 1465 1365 s).

318 1383 405 1424 Obs.
461 1386 487 1422 E
517 1399 654 1436 magna
680 1385 936 1436 speciminum
955 1382 1225 1434 indigenorum
1255 1385 1363 1434 copia
1391 1399 1513 1436 pauca
1535 1387 1676 1436 citavi,
1707 1393 1746 1423 et
1768 1384 1924 1437 quidem
1940 1397 2007 1434 ea,

265 1469 363 1508 quae
387 1463 473 1507 post
501 1454 667 1507 diligens
696 1463 734 1493 et
761 1456 946 1493 iteratum
976 1468 1135 1492 examen
1163 1453 1211 1492 ad
1237 1456 1384 1506 species
1412 1465 1653 1494 enumeratas
1680 1456 1813 1494 retuli.
1881 1456 2009 1506 Longe

263 1526 448 1576 majorem
488 1534 665 1578 partem,
711 1526 782 1563 etsi
820 1524 932 1563 valde
972 1526 1142 1576 insigues
1182 1525 1328 1563 formae
1369 1525 1547 1576 subsint,
1589 1540 1692 1565 nunc
1718 1527 1896 1578 seposui‚
1925 1533 2009 1563 tum

264 1599 356 1649 quia
395 1611 471 1634 non
502 1598 578 1635 nisi
605 1595 827 1634 nominibus
859 1597 986 1633 minus
1015 1597 1129 1634 certis
1163 1610 1206 1633 ea
1235 1610 1447 1648 proponere
1475 1597 1676 1647 licuisset,
1719 1605 1803 1634 tum
1831 1598 2009 1648 inprimis

264 1668 446 1719 quoniam
487 1675 576 1705 ante
618 1667 742 1704 omnia
780 1668 930 1719 typicas
965 1665 1063 1704 benc
1104 1668 1251 1704 novisse
1293 1668 1434 1705 formas
1470 1676 1598 1705 nostra
1625 1669 1810 1705 interesse
1838 1666 2008 1706 videtur.

263 1737 325 1775 Sic
351 1752 385 1776 v.
416 1751 453 1789 g.
485 1737 598 1789 plura
623 1738 664 1775 in
693 1738 901 1775 Provinciis
929 1736 1184 1775 orientalibus
1226 1736 1328 1774 lecta
1361 1736 1440 1775 vidi
1467 1739 1678 1789 specimina
1707 1752 1725 1775 e
1756 1738 1855 1775 serie
1882 1740 2009 1789 glan-

263 1809 514 1857 dulosorum,
545 1821 642 1860 quae
672 1821 783 1856 vero,
813 1815 949 1859 utpote
974 1806 1152 1859 partibus
1180 1807 1451 1846 essentialibus
1476 1822 1589 1860 saepe
1623 1807 1838 1858 destituta,
1869 1822 1912 1846 eo
1941 1808 2009 1846 lu-

262 1877 420 1916 bentius
448 1878 603 1916 silentio
631 1879 845 1930 praeterii,
888 1876 991 1930 quod
1023 1879 1121 1916 istae
1159 1878 1304 1916 formae
1343 1878 1513 1916 nondum
1540 1893 1669 1917 omnes
1708 1878 1897 1931 adtypos
1923 1893 2011 1917 suos

262 1948 446 1987 reductae
488 1948 659 2001 adeoque
700 1962 818 1999 vagae
847 1957 950 1987 sunt.
1024 1949 1317 2000 Dispositionem
1354 1962 1465 2000 porro
1502 1949 1700 1987 Ruborum
1738 1949 2011 2001 indigenorum

262 2020 388 2057 fusius
407 2049 417 2069 ,
448 2033 561 2072 quam
597 2018 718 2070 hujus
745 2020 924 2071 opusculi
951 2021 1049 2057 ratio
1077 2020 1156 2057 fert
1173 2050 1183 2069 ‚
1215 2019 1486 2058 elaborandam
1522 2034 1601 2058 esse
1637 2018 1809 2070 credidi,
1837 2034 1914 2058 non
1942 2035 2010 2058 so-

262 2090 344 2127 lum
375 2092 466 2142 quia
504 2091 545 2127 in
572 2089 854 2128 Kochiana
881 2089 1045 2141 Synopsi
1071 2089 1166 2128 haec
1193 2089 1462 2140 desideratur,
1505 2090 1572 2128 sed
1599 2092 1716 2129 etiam
1742 2089 1789 2127 ob
1815 2091 2013 2143 singulare

262 2159 426 2210 hujusce
441 2162 593 2213 generis
608 2162 746 2198 fatum.
803 2160 990 2198 Nimirum
1014 2159 1105 2198 dum
1133 2174 1154 2198 a
1181 2161 1381 2199 nonnullis
1408 2163 1599 2200 Botanicis
1625 2162 1667 2200 in
1694 2162 1836 2202 multas
1862 2163 2009 2214 species

262 2229 502 2280 disjunctum
531 2239 588 2268 est
605 2259 616 2280 ,
645 2229 788 2283 quibus
815 2232 855 2268 in
885 2229 966 2268 dies
992 2244 1112 2269 novae
1136 2230 1328 2269 accedunt
1344 2262 1355 2282 ,
1387 2231 1630 2270 contrahitur
1655 2231 1703 2270 ab
1729 2231 1818 2270 aliis
1836 2233 1876 2270 in
1894 2246 2011 2270 unam

262 2300 473 2339 alteramve
503 2302 687 2353 speciem.
747 2302 958 2353 Utrumque
989 2315 1077 2339 sane
1106 2315 1244 2354 parum
1271 2302 1439 2339 Naturae
1463 2302 1789 2342 consentaneum!
1845 2302 1939 2340 Nam
1961 2301 2011 2340 ad

261 2370 361 2409 hane
392 2372 655 2409 conformetur
681 2371 856 2423 Systema
872 2400 883 2420 ‚
913 2370 1017 2423 quod
1043 2385 1092 2408 ne
1121 2372 1163 2408 in
1189 2384 1312 2409 unum
1340 2370 1554 2409 confundat
1581 2370 1849 2424 quodcumque
1873 2373 1915 2410 in
1928 2371 2010 2410 Na-

263 2448 352 2479 tura
367 2449 586 2479 constanter
601 2441 793 2479 diversum
817 2442 895 2490 sit,
924 2453 1020 2478 neve
1047 2440 1247 2492 disjungat
1266 2439 1533 2493 quodcumque
1550 2441 1724 2491 ejusdem
1745 2441 1887 2480 indolis
1901 2456 1980 2480 esse
1997 2472 2009 2493 ,

263 2509 430 2562 diligens
445 2512 611 2549 Naturae
627 2511 874 2562 investigatio
894 2509 1082 2549 docuerit.
1138 2510 1337 2548 Ruborum
1366 2525 1454 2549 vero
1482 2513 1655 2564 species,
1685 2526 1778 2565 quas
1795 2542 1806 2563 ‚
1835 2511 2014 2552 laudatos

263 2590 440 2621 auctores
466 2591 649 2632 secutus,
692 2582 902 2633 proposui,
945 2582 1046 2620 notis
1079 2596 1156 2620 non
1183 2583 1309 2620 minus
1338 2595 1453 2635 quam
1480 2584 1521 2622 in
1549 2583 1636 2622 aliis
1662 2583 1885 2635 plantarum
1913 2598 2007 2636 spe-

264 2652 397 2691 eiebus
413 2651 708 2699 essentialibus,
738 2653 864 2704 iisque
892 2651 1158 2690 constantibus
1185 2652 1280 2691 adeo
1308 2661 1398 2691 sunt
1426 2653 1598 2692 diversae
1615 2669 1638 2705 ‚·
1656 2661 1702 2691 ut
1728 2655 1798 2706 qui
1823 2653 1873 2692 ad
1894 2653 2009 2694 hasce

262 2722 362 2762 bene
390 2722 672 2762 animadvertat
689 2752 700 2773 ,
741 2724 806 2761 vix
833 2736 1015 2776 umquam
1038 2724 1071 2761 is
1100 2724 1140 2761 in
1165 2722 1457 2762 determinando
1487 2737 1612 2762 errare
1632 2725 1775 2777 possit.
1796 2764 1798 2767 f
1842 2726 1891 2761 At
1917 2738 2007 2763 vero

263 2801 473 2833 occurrunt
511 2795 730 2848 saepissime
771 2794 916 2832 formae
955 2793 1207 2832 intermediae
1247 2793 1464 2848 (individua
1503 2793 1671 2852 hybrida
1684 2793 1754 2844 ἓ),
1793 2795 1835 2832 in
1863 2793 2008 2847 quibus

263 2864 507 2903 characteres
536 2864 600 2902 illi
636 2864 725 2916 plus
765 2865 939 2902 minusve
975 2863 1248 2903 obliterantur.
1315 2866 1446 2904 Partes
1472 2864 1522 2903 ad
1548 2854 1671 2918 quas,
1710 2865 1753 2902 in
1781 2864 2011 2917 colligendis

247 2938 419 2988 'quoque
445 2934 721 2987 speciminibus
738 2964 749 2985 ,
779 2936 957 2988 inprimis
984 2935 1262 2974 attendendum
1293 2945 1349 2974 est
1367 2967 1378 2987 ,
1409 2945 1523 2975 sunt:
1555 2927 1690 2974 catulis
1714 2937 1878 2973 sterilis
1906 2935 2009 2988 (ejus

253 3006 388 3044 'forma
405 3035 416 3056 ‚
433 3004 597 3044 directio
615 3034 625 3054 2
649 3004 920 3044 indumentum
935 3005 1128 3059 hujusque
1144 3006 1310 3058 indoles)
1328 3037 1338 3057 ‚
1370 3006 1486 3059 (ejus)
1504 3007 1646 3056 folia,
1673 3007 1979 3056 irfioreseentz'a
1996 3038 2008 3060 ,

266 3078 491 3127 sepalorum
518 3076 691 3114 directio
720 3078 776 3130 (in
804 3077 941 3115 fructu
969 3078 1162 3129 maturo),
1183 3079 1351 3129 petala,
1376 3078 1573 3129 stylorum
1584 3078 1715 3127 color,
1730 3077 1904 3125 fruetus
1917 3092 2008 3117 ma-

270 3148 360 3184 turi
389 3146 540 3198 (color,
571 3146 715 3200 sapor).
769 3147 936 3187 Tandem
951 3147 1120 3189 florendi
1135 3157 1314 3202 tempus,
1343 3148 1614 3187 maturationis
1636 3148 1842 3192 „fructuum
1868 3151 2010 3189 termi-

267 3229 364 3266 nus,
391 3215 610 3265 habitatio,
641 3217 865 3258 distributio
879 3219 1164 3273 geographica,
1197 3229 1270 3259 etc.
1302 3217 1350 3258 ad
1378 3217 1533 3271 plenam
1561 3219 1777 3271 specierum
1803 3218 2006 3259 historiam

269 3285 377 3325 haud
403 3300 537 3339 parum
560 3288 772 3338 juvabunt.
