2132 3921
1031 300 1094 349 Χῖ

180 461 336 505 seriem
395 467 437 506 et
494 461 710 523 genuinae
755 460 1038 522 vegetationis
1087 457 1246 504 indolis
1309 457 1487 505 fidelem
1537 462 1660 521 quasi
1706 463 1942 525 imaginem

177 572 448 624 proponere,
504 563 691 627 ejusque
728 571 833 607 cum
874 562 1030 607 vicinis
1068 560 1329 606 affinitatem
1369 559 1588 607 illustrare
1624 570 1698 607 aut
1735 561 1790 607 ab
1823 561 1948 609 hisce

178 661 487 711 differentiam.

262 765 451 812 Historia
504 768 638 830 igitur
688 760 870 812 Florae'
893 764 1110 822 Batavae‚
1174 767 1430 829 praesertim
1477 782 1590 830 quae
1630 767 1943 830 synonymiam

178 876 406 915 auctorum
446 876 645 933 spectat,
702 867 849 914 denuo
885 875 949 914 est
984 866 1262 914 elaboranda.
1352 866 1517 914 Omnes
1554 871 1736 913 omnino
1770 867 1946 932 plantae

178 969 410 1034 indigenae
432 1007 443 1027 ,
479 978 522 1017 et
551 973 743 1017 maxime
777 972 943 1033 species
975 969 1243 1015 difficiliores
1266 1007 1276 1026 ‚
1314 986 1427 1015 novo
1453 969 1605 1016 ardore
1634 969 1945 1026 observentur,

176 1079 225 1117 ut
261 1071 442 1119 tandem
483 1073 672 1129 formas,
720 1072 885 1137 quibus
931 1075 978 1118 in
1017 1075 1136 1119 vario
1181 1072 1274 1118 solo
1322 1075 1541 1137 variisque
1577 1072 1680 1118 locis
1724 1071 1945 1119 natalibus

175 1178 467 1239 proveniant,
516 1191 828 1240 cognoscamus
866 1183 908 1222 et
942 1175 1052 1239 quid
1094 1178 1141 1220 in
1178 1174 1247 1220 his
1284 1174 1514 1221 essentiale
1536 1212 1546 1232 ,
1593 1174 1703 1236 quid
1738 1173 1946 1224 acciden-

177 1276 264 1324 tale
299 1280 380 1333 sit,
417 1275 662 1341 dijudicare
697 1279 946 1341 possimus,
998 1275 1259 1332 foliationis,
1296 1276 1563 1333 florationis,
1599 1276 1945 1322 fructificationis

174 1381 221 1423 in
262 1377 424 1441 plantis
475 1381 633 1424 nostri3
686 1377 854 1441 periodi
894 1377 1048 1423 sedulo
1096 1379 1408 1441 inquirantur,
1462 1386 1700 1440 proventus
1735 1395 1863 1442 porro
1902 1385 1945 1424 et

175 1478 428 1526 distributio
476 1496 556 1543 per
592 1482 730 1526 varias
775 1481 939 1542 patriae
982 1480 1217 1542 regiones,
1274 1492 1584 1540 quaecumque
1630 1477 1685 1524 de
1724 1481 1945 1525 variarum

174 1581 428 1646 plantarum
480 1581 731 1628 evolutione
780 1590 822 1628 et
872 1583 1092 1628 anatomia
1139 1579 1255 1627 male
1290 1583 1464 1644 cognita
1504 1588 1578 1626 aut
1623 1597 1763 1644 paene
1797 1583 1945 1645 ignota

172 1687 289 1741 sint,
325 1683 496 1732 assidua
522 1684 825 1731 observatione
858 1693 899 1731 et
930 1686 1242 1748 experimentis
1263 1682 1558 1729 emendentur
1577 1689 1619 1729 et
1637 1683 1943 1748 suppleantur.

174 1786 348 1846 Quibus
388 1786 596 1834 omnibus
641 1787 755 1834 bene
801 1789 1018 1851 peractiS,
1074 1794 1181 1832 tunc
1230 1784 1404 1832 Florae
1456 1783 1678 1832 Batavae
1717 1785 1944 1833 edendum

172 1889 386 1936 idoneum
422 1892 503 1937 erit
537 1898 727 1955 tempus.

271 1991 429 2039 Paucis
476 1995 658 2057 insuper
705 1992 908 2058 opusculi
957 1995 1175 2039 rationem
1227 2008 1445 2056 exponere
1500 1990 1642 2039 liceat.
1731 1991 1950 2039 Universe‘

175 2095 357 2142 alteram
408 2095 651 2142 editionem
697 2095 971 2160 Synopseos
1007 2094 1182 2142 Florae
1233 2094 1390 2141 Germ.
1433 2103 1479 2141 et
1515 2093 1732 2151 Helvet.,
1769 2103 1944 2142 auctore

165 2188 330 2253 ⁴Kocn,
385 2199 433 2241 in
479 2196 765 2260 disponendis
811 2196 1046 2261 generibus
1091 2204 1133 2242 et
1178 2195 1410 2259 speciebus
1443 2199 1582 2242 secuti
1617 2213 1803 2256 sumne,
1853 2214 1944 2261 quo

174 2300 347 2362 egregio
381 2295 495 2343 libro
525 2300 572 2343 in
607 2297 763 2343 studiis
793 2301 883 2343 suis
920 2300 987 2343 uti
1021 2299 1158 2343 socios
1188 2306 1406 2361 optamus,
1479 2296 1719 2361 Diagnoses
1757 2301 1810 2343 iis
1840 2306 1944 2345 tan-

171 2409 269 2446 tum
314 2398 490 2446 additae
533 2406 638 2446 sunt
673 2398 934 2463 speciebus,
989 2414 1104 2461 quae
1147 2401 1195 2444 in
1242 2398 1433 2462 Synopsi
1478 2415 1569 2445 non
1616 2402 1940 2460 inveniantur,

173 2511 270 2549 tum
316 2511 359 2549 et
402 2504 488 2560 iis,
537 2501 700 2566 quibus
742 2501 798 2550 ab
843 2501 927 2549 hac
971 2500 1192 2548 diversam
1225 2500 1330 2548 dare
1378 2501 1548 2566 placuit
1589 2500 1938 2567 dispositionem.

173 2603 381 2664 Litteris,
434 2613 484 2652 ut
526 2607 682 2670 ajunt,
731 2607 914 2652 cursivis
959 2604 1181 2651 indicatur
1221 2603 1410 2651 florendi
1451 2610 1656 2668 tempuS,
1711 2605 1843 2668 quale
1889 2624 1942 2654 ex

172 2706 398 2754 schedulis
427 2715 469 2754 et
488 2707 866 2762 observationibus
885 2705 1204 2771 speciminibus
1242 2705 1463 2770 indigenis
1492 2706 1700 2771 adjectis,
1741 2712 1939 2773 cognovi.

172 2809 432 2875 Synonyma
460 2811 532 2856 vix
549 2809 642 2856 ulla
660 2812 881 2871 citantur3
903 2812 1086 2857 nomina
1104 2826 1206 2857 vero
1225 2808 1512 2873 plantarum,
1550 2818 1767 2873 quatenus
1786 2812 1941 2859 Florae

172 2911 296 2976 Belg.
327 2911 446 2976 Sept.
468 2914 670 2959 anostris
705 2911 921 2958 differunt
947 2948 957 2969 ,
989 2911 1160 2975 ubique
1188 2911 1338 2958 addita
1369 2919 1488 2958 sunt.
1535 2912 1594 2958 In
1626 2913 1943 2962 enumerandis

171 3012 279 3060 locis
298 3013 518 3060 natalibus
538 3031 639 3060 eum
660 3017 931 3061 servavimus
949 3014 1176 3072 ordinem,
1206 3022 1257 3061 ut
1274 3016 1419 3079 primo
1437 3013 1557 3071 loeo,
1592 3018 1833 3079 praemisso
1851 3020 1937 3065 »in

171 3113 323 3162 Herb.'
328 3113 355 3174 ⁷,
393 3118 482 3162 sint
500 3115 592 3163 loca
605 3153 616 3174 ,
636 3132 750 3180 quae
767 3117 1087 3181 speciminibus
1105 3117 1307 3164 Herbarii
1327 3116 1553 3164 Societatis
1572 3117 1932 3182 comprobantur3

171 3215 329 3276 altero,
343 3219 576 3284 interjecto
595 3218 810 3267 vocabulo
828 3218 1160 3278 »Bovendien''‚
1174 3237 1289 3286 quae
1306 3219 1624 3285 speciminibus
1634 3220 1933 3286 'comproban-

172 3327 243 3366 tur
267 3317 504 3383 depromtis
524 3339 575 3371 ex
595 3321 816 3372 Herbariis
845 3323 1066 3387 indigenis
1086 3322 1304 3372 Athenaei
1324 3322 1674 3382 Daventriensis,
1710 3327 1929 3373 sociorum
