2132 3921
1087 355 1124 391 X

220 504 330 552 fines
379 504 530 551 Florae
575 520 752 569 quoque
797 503 1009 550 ditionem
1053 499 1182 547 latius
1226 507 1370 564 patere
1411 498 1604 564 jubent;
1657 501 1805 564 itaque
1851 501 1971 546 reci»

221 604 406 668 piendae
450 611 552 651 sunt
602 604 795 652 Ducatus
844 603 1117 666 Limburgiei
1151 601 1350 666 plantae,
1386 617 1575 666 quarum
1607 599 1768 646 multas
1803 606 1962 664 easque

217 710 397 754 rariores
444 709 679 771 continent
709 706 916 753 Lmssunn
966 704 1092 751 Flora
1136 702 1325 767 Spadina
1362 712 1403 749 et
1445 699 1769 765 Compendium
1811 698 1963 747 Florae

217 807 416 872 Belgicae
454 806 539 875 (l).

283 910 403 968 Quae
434 910 623 958 breviter
665 910 720 957 de
762 908 1011 973 plantarum
1054 906 1392 971 indigenarum,
1444 903 1576 970 quale
1615 903 1845 967 hucusque
1879 901 1962 948 fuit

215 1009 412 1057 studium
454 1011 711 1069 attulimus,
759 1009 942 1075 probare
985 1008 1218 1063 videntur,
1271 1006 1464 1054 multum
1517 1004 1668 1052 abesse
1711 1011 1760 1050 ut
1810 1002 1962 1049 Florae

213 1119 384 1159 nostrae
412 1115 600 1176 cognitio
636 1112 825 1177 perfecta
854 1119 895 1157 et
924 1109 1121 1156 absoluta
1150 1109 1236 1155 dici
1266 1111 1413 1172 possit.
1463 1105 1696 1170 Simulque
1723 1122 1774 1151 ex
1802 1103 1982 1151 iisdem-

210 1221 357 1276 patet,
405 1232 539 1278 quam
573 1213 764 1276 dispersa
800 1211 897 1273 [sint
943 1211 1088 1256 denuo
1129 1218 1226 1273 post
1266 1209 1428 1255 editam
1469 1206 1641 1253 Floram
1676 1205 1799 1269 Belg.
1839 1205 1959 1268 Sept.

210 1314 454 1371 elementa,
491 1313 546 1360 ad
563 1330 722 1359 novam
751 1312 924 1358 Floram
954 1309 1292 1356 construendam
1322 1316 1446 1372 apta,
1483 1314 1525 1354 et
1544 1324 1679 1372 quam
1706 1309 1813 1353 varii
1839 1308 1959 1368 prin⁴

210 1417 333 1478 cipiis
367 1416 581 1461 innitatur
617 1413 671 1459 de
707 1411 868 1476 plantis
911 1410 1131 1474 indigenis
1167 1410 1406 1474 judicium.

274 1514 497 1576 Dispersas
543 1513 640 1560 illas
675 1511 997 1560 observationes
1034 1510 1089 1557 ad
1125 1511 1311 1558 eandem
1340 1517 1556 1576 quantum
1585 1516 1725 1574 potest
1755 1524 1956 1556 normam

208 1615 406 1680 redigere
453 1623 503 1661 et·
547 1617 593 1660 in
634 1631 776 1660 unum
836 1613 1039 1677 colligere
1090 1612 1175 1658 hoc
1231 1611 1414 1658 consilio
1469 1613 1694 1657 constituit
1744 1611 1954 1667 societaS,

206 1725 255 1762 ut
306 1715 476 1762 facilius
529 1731 837 1780 quaecumque
897 1713 953 1760 de
1007 1713 1169 1778 plantis
1231 1716 1395 1777 patriae
1451 1712 1669 1777 indigenis
1731 1715 1779 1757 in
1833 1711 1956 1758 hunc

204 1834 347 1883 usque
391 1817 509 1864 diem
555 1818 857 1872 innotuerint,
912 1814 1058 1862 denuo
1104 1832 1207 1862 cum
1253 1814 1418 1862 Natura
1463 1817 1630 1879 possint
1679 1816 1952 1878 comparari,

205 1927 477 1983 cunctaeque
525 1917 677 1964 Florae
720 1927 891 1963 nostrae
939 1919 1103 1980 species
1139 1915 1406 1962 difficiliores
1447 1918 1675 1962 criticaeve
1711 1916 1952 1960 accuratius

204 2020 423 2067 observari
452 2027 493 2066 et
528 2036 630 2066 cum
667 2021 842 2065 exoticis
886 2020 1152 2081 comparari,
1190 2017 1245 2063 de
1275 2018 1473 2063 omnium
1505 2014 1698 2080 denique
1733 2017 1847 2061 vitae
1880 2030 1954 2060 ra-

203 2124 320 2167 tione
342 2159 353 2180 ‚
416 2128 630 2185 proventu
657 2155 668 2177 ‚
720 2117 1029 2166 distributione
1087 2117 1371 2182 geographica
1422 2115 1575 2162 fideles
1617 2114 1950 2161 observationes

201 2225 387 2269 institui.
468 2221 549 2268 Cui
584 2219 767 2267 consilio
802 2219 1052 2283 simplicem
1096 2218 1347 2282 plantarum
1391 2216 1726 2280 indigenarum,
1773 2213 1965 2278 adjectis-

201 2323 306 2370 locis
342 2322 585 2379 natalibus,
625 2320 881 2384 Catalogum
909 2319 1111 2366 sufficere
1144 2335 1401 2383 persuasum
1433 2317 1560 2363 nobis
1589 2315 1802 2362 habemus
1820 2331 1834 2375 3
1871 2331 1952 2378 pa-

200 2442 299 2471 rum
334 2423 402 2470 illi
435 2422 678 2469 conducere
718 2424 823 2476 rati,
876 2423 911 2466 si
955 2419 1222 2466 adderentur
1264 2418 1520 2483 diagnoses‚
1567 2432 1676 2479 quas
1714 2423 1865 2463 tamen
1899 2432 1956 2461 exv

200 2525 296 2573 aliis
339 2524 464 2571 libris
498 2525 692 2569 mutuari
732 2519 859 2568 facile
905 2520 1058 2567 fuisset
1090 2522 1330 2583 negotium.
1416 2518 1474 2564 In
1509 2520 1632 2564 omni
1666 2519 1786 2564 enim
1819 2515 1947 2563 Flora

199 2627 372 2690 propria
413 2623 712 2671 observatione
756 2630 798 2669 et
837 2623 1159 2686 comparatione
1203 2626 1412 2667 eruantur
1445 2619 1737 2683 diagnostieae
1770 2617 1948 2680 planta-

199 2744 300 2773 rum
349 2734 478 2773 notae
523 2726 797 2789 propriisque
837 2723 921 2770 hae
964 2721 1227 2787 adaptentur
1269 2722 1419 2768 formis
1443 2757 1454 2778 ‚
1520 2735 1628 2783 quas
1672 2718 1750 2766 illa
1787 2718 1957 2774 offert,-

198 2830 460 2893 proprioque
481 2864 491 2883 ‚
550 2843 639 2891 quo
687 2824 882 2889 gaudet,
943 2826 1225 2888 vegetationis
1278 2822 1530 2869 characteri.
1631 2820 1722 2867 Hac
1772 2827 1946 2867 tantum

198 2931 365 2976 ratione
415 2928 543 2975 Flora
592 2926 779 2990 alicujus
831 2927 1017 2989 regionis
1068 2927 1283 2989 integram
1321 2927 1472 2970 sistere
1510 2923 1670 2984 poterit
1703 2921 1949 2968 formarum-

252 3142 309 3196 (1)
339 3142 477 3181 Dol'ent
491 3145 666 3196 profecto
680 3143 882 3183 nobiscum
899 3157 1027 3182 omnes
1043 3142 1218 3182 Botanici
1233 3140 1410 3194 Belgici,
1438 3140 1565 3178 virum
1591 3138 1742 3190 ingenii
1768 3137 1948 3176 acumine

198 3214 464 3267 praeclarum,
493 3215 706 3255 Dvmonnzn
742 3217 784 3254 in
812 3214 928 3253 rebus
969 3213 1140 3267 publicis
1174 3210 1353 3251 curandis
1393 3209 1488 3249 adeo
1517 3221 1596 3248 esse
1624 3207 1826 3247 detentum
1845 3236 1858 3258 ,
1899 3214 1945 3246 ut

199 3285 323 3336 majus
351 3284 398 3323 de
425 3284 535 3323 Flora
562 3285 716 3338 Belgica
753 3297 849 3339 opus
866 3314 878 3338 ,
922 3285 1035 3336 cujus
1071 3282 1318 3325 Prodromum
1356 3280 1479 3321 edidit
1506 3293 1605 3320 anno
1634 3281 1768 3332 1827,
1822 3275 1870 3318 ab
1899 3291 1949 3318 eo·

197 3356 335 3409 perfici
360 3357 424 3398 vix
455 3364 676 3409 exspectare
703 3356 833 3397 liceat.
