2132 3921
1045 290 1109 335 11<

196 430 260 494 De
307 431 493 493 florendi
544 444 721 510 periodo
766 461 893 509 porro
928 453 969 491 et
1014 444 1243 491 duratione
1289 443 1542 507 plantarum
1583 445 1723 491 multa
1773 446 1955 512 quidem

198 558 345 596 notata
374 556 509 606 sunt,
548 549 688 595 multa
719 564 819 595 vero
846 547 1040 594 notanda
1074 554 1342 610 supersunt3
1393 547 1705 611 geographicae
1750 548 1966 596 distribu-

200 655 332 698 tionis
369 651 492 698 nulla
528 654 635 698 ratio
670 659 733 697 est
768 649 947 707 habita,
985 667 1118 715 quam
1152 640 1334 714 quidem
1372 667 1494 696 nunc
1528 653 1574 696 in
1611 649 1737 697 Flora
1776 651 1963 716 alicujus

199 757 388 818 regionis
439 757 626 802 minime
676 753 897 818 negligere
939 752 1071 818 jubet
1107 755 1316 799 scientiae
1369 755 1493 799 ratio.
1575 752 1822 799 Auctorum
1876 761 1966 799 tan-

197 856 326 914 dem,
373 874 485 923 quos
541 859 922 912 enumeravimus,
973 855 1176 901 Goarssnt
1230 857 1462 918 inprimis,
1512 856 1672 918 scripta
1729 871 1818 901 non
1870 854 1966 902 ubi·

194 977 283 1024 que
311 958 486 1024 aequali
527 958 772 1015 industria,
820 957 940 1022 quod
976 959 1291 1021 synonymiam
1333 959 1521 1014 attinet,
1569 973 1662 1003 esse
1701 955 1964 1013 emendata,

197 1061 611 1127 observationesque
662 1078 770 1127 quas
817 1064 1046 1107 continent
1079 1068 1309 1124 propterea
1356 1076 1446 1105 non
1482 1076 1656 1123 semper
1698 1062 1800 1106 satis
1840 1068 1965 1106 caute

195 1182 288 1213 esse
317 1165 610 1230 dijudicatas,
647 1167 818 1211 criteria
859 1163 1079 1228 denique,
1117 1180 1230 1227 quae
1266 1161 1552 1226 suppeditent
1585 1161 1840 1226 plantarum
1870 1160 1966 1208 col-

196 1267 406 1315 lectiones
441 1267 496 1314 ab
531 1271 584 1314 iis
619 1267 827 1327 relictae,
878 1283 968 1312 non
1010 1265 1177 1330 ubique
1213 1282 1305 1312 esse
1341 1264 1569 1322 adhibita,
1607 1281 1782 1328 prorsus
1816 1267 1966 1328 negari

193 1387 284 1416 non
335 1379 491 1432 potest.
580 1368 702 1426 Quae
753 1369 902 1412 omnia
960 1366 1267 1411 Clarissimum
1319 1374 1543 1410 auctorem
1594 1368 1781 1413 minIme
1829 1365 1966 1413 latere

189 1469 408 1517 habemus
444 1486 522 1534 pro
568 1478 710 1527 certo>
746 1485 828 1515 nec
873 1467 1158 1524 dubitamus,
1197 1471 1309 1532 quin
1357 1466 1413 1513 de
1465 1477 1592 1513 aucta
1640 1477 1683 1513 et
1731 1467 1964 1514 emendata

194 1576 336 1637 operis
370 1575 440 1619 sui
476 1572 669 1618 editione
698 1574 794 1637 jam
833 1571 1007 1617 dudum
1051 1572 1326 1634 cogitavisset
1358 1572 1474 1633 ipse,
1512 1571 1630 1625 nisi,
1677 1568 1774 1616 aliis
1809 1568 1964 1615 officiis

191 1674 485 1731 incumbens,
524 1673 677 1721 Florae
710 1691 920 1738 eampum
955 1673 1051 1719 aliis
1088 1671 1407 1719 elaborandum
1445 1670 1707 1736 reliquisset.

262 1778 328 1826 Ex
363 1781 439 1836 iis,
469 1795 584 1844 quae
612 1794 744 1842 supra
777 1776 832 1824 de
867 1776 1121 1841 plantarum
1154 1775 1467 1839 indigenarum
1502 1774 1647 1820 studio
1680 1774 1802 1821 hisce
1836 1776 1963 1821 annis

194 1884 477 1946 maximeque
507 1889 604 1946 post
633 1879 798 1927 editam
829 1879 1004 1926 Floram
1028 1877 1151 1942 Belg.
1170 1877 1290 1940 Sept.
1311 1879 1491 1924 incitato
1526 1879 1809 1934 monuimus,
1836 1875 1965 1924 facile

198 1992 263 2031 est
290 1986 508 2050 conjicere
541 1983 772 2031 Botanieos
803 1983 986 2030 Batavos
1015 1998 1106 2028 non
1142 1980 1345 2027 sufficere
1373 1997 1466 2027 esse
1490 1992 1630 2038 ratos,
1659 1982 1696 2026 si
1714 1978 1965 2026 studiorum

195 2087 362 2133 fructus
396 2103 477 2133 suo
512 2090 702 2151 quisque
738 2086 894 2132 horreo
930 2084 1154 2132 conderet.
1226 2083 1282 2130 Et
1318 2101 1468 2131 revera
1506 2083 1655 2148 plures
1691 2100 1743 2130 ex
1781 2099 1832 2130 eo
1859 2081 1966 2129 inde

194 2198 394 2252 tempore
430 2187 573 2235 editae
607 2195 712 2234 sunt
741 2187 895 2235 Florae
930 2198 973 2234 et
1009 2186 1204 2250 Catalogi
1241 2185 1492 2250 plantarum
1514 2223 1524 2243 ,
1562 2189 1610 2232 in
1642 2189 1771 2233 variis
1801 2188 1965 2251 patriae

194 2289 447 2354 regionibus
492 2289 738 2336 obviarum.
837 2288 1071 2354 Ejusmodi
1124 2296 1259 2334 sunt:
1315 2287 1464 2334 Flora
1505 2287 1739 2345 Frisioa,
1787 2295 1964 2334 auctore

196 2393 448 2450 Banmsm,
481 2394 609 2458 juxta
644 2390 822 2438 Floram
863 2390 986 2455 Belg.
1026 2390 1175 2454 Sept.‚
1215 2398 1257 2436 et
1298 2389 1449 2436 Flora
1482 2389 1771 2447 Leidensis,
1809 2398 1966 2438 aucto-

195 2495 317 2543 ribus
352 2494 646 2542 Mommnomz
683 2502 727 2542 et
761 2493 970 2541 Kraneia·
991 2531 1001 2551 ‚
1044 2496 1174 2558 juxta
1203 2495 1393 2557 primam
1429 2490 1687 2540 Kochianae
1725 2509 1964 2559 synopseos

197 2599 438 2647 editionem
488 2598 762 2659 elaboratae3
817 2614 946 2662 porro
990 2595 1144 2643 Florae
1178 2571 1442 2642 'auctoribus
1495 2595 1670 2642 Gevssas
1721 2594 1962 2654 Dnrmoor,

196 2701 414 2759 Bonnam,
462 2701 696 2748 Anssmvau
732 2707 775 2747 et
816 2716 903 2747 vm
939 2699 1092 2746 Hovmv
1135 2698 1378 2767 illustratae
1403 2735 1414 2756 ‚
1463 2698 1775 2764 Ultrajectina‚
1827 2699 1964 2745 Cam-

195 2807 345 2868 pensis
366 2841 377 2862 ,
450 2803 841 2868 Noviomagensis,
915 2801 1255 2868 Sylvaducensis
1274 2820 1287 2864 3
1363 2800 1544 2849 tandem
1596 2801 1963 2870 Enumerationes

195 2906 451 2971 plantarum
486 2905 747 2953 Zeelandiae
780 2905 1093 2970 indigenarum
1141 2924 1165 2952 a
1211 2912 1376 2952 memet
1419 2907 1515 2969 ipso
1553 2902 1708 2950 editae.
1792 2902 1962 2950 Horum

194 3007 509 3055 Botanicorum
537 3007 773 3073 plerosque
801 3010 848 3054 in
879 3007 1003 3054 libris
1031 3011 1122 3055 suis
1143 3006 1472 3055 conscribendis
1489 3008 1750 3054 recentiores
1771 3004 1963 3052 Germa-

194 3112 316 3158 nicos
351 3113 583 3175 scriptores
620 3110 755 3158 duces
791 3119 961 3158 secutos
997 3129 1116 3172 esse,
1151 3110 1399 3158 notandum
1439 3117 1516 3157 est.
1589 3108 1961 3156 Observationum

199 3215 368 3277 copiam
421 3230 549 3277 porro
600 3215 849 3261 continentv
874 3221 967 3260 aeta
1018 3216 1236 3262 societatis
1293 3211 1472 3260 Studio
1517 3210 1692 3258 Florae
1735 3208 1991 3258 Batavae·

192 3315 527 3378 promovendo.
627 3316 842 3365 Extensae
895 3315 1090 3381 denique
1134 3317 1204 3364 his
1250 3318 1377 3364 annis
1421 3314 1571 3379 Belgii
1605 3312 1962 3380 septentrionalis
