2132 3921
1065 295 1150 330 XII

226 449 417 495 meac
454 446 638 500 lenex,
689 459 771 488 vm-
801 455 881 487 nan
919 440 1061 487 Smne
1096 439 1320 498 Lacosrss,
1361 455 1445 484 vm
1482 438 1734 485 Hammona
1765 448 1807 486 et
1837 455 1934 486 meo
1952 457 1973 499 3·

224 550 380 597 ultimo
414 548 538 604 loco,
576 550 621 592 in
655 543 937 610 parenthesi,
983 548 1296 589 enumerantur
1334 540 1427 587 loca
1464 540 1518 587 ab
1560 540 1808 588 auctoribus
1846 557 1971 588 com-

223 658 488 706 memorata,
527 667 550 696 e
579 647 741 710 quibus
777 661 878 691 vero
913 646 1153 708 specimina
1186 645 1268 704 ipsi
1297 659 1386 689 non
1422 642 1627 689 vidimus.
1713 643 1969 690 Notandum

224 755 416 816 denique
455 759 779 798 antecessorum
824 747 879 793 de
922 745 1016 792 loeo
1063 743 1197 791 natali
1243 747 1575 801 annotationes,
1626 746 1663 790 si
1711 743 1823 790 alius
1870 746 1971 806 quis

222 863 319 920 post
354 871 424 901 eos
455 856 500 899 in
531 851 684 898 eodem
719 849 814 895 loeo
850 846 1032 894 eandem
1061 845 1260 910 plantam
1295 848 1550 909 reperierit,
1587 844 1813 892 brevitatis
1841 861 1971 891 causa

220 957 483 1021 plerumque
522 971 611 1000 non
654 969 745 999 esse
793 952 1012 1013 repetitas·
1081 947 1272 994 Ducatus
1317 926 1847 1012 Limburgensis'plures
1883 962 1970 993 no-

221 1075 294 1106 vas
322 1061 476 1121 stirpes
506 1055 732 1118 indigenas
761 1051 1133 1108 subministravit,
1164 1066 1271 1113 quas
1298 1067 1431 1107 vero,
1468 1053 1503 1096 si
1533 1050 1639 1096 huic
1665 1051 1831 1113 regioni
1865 1055 1970 1095 sunt

221 1162 449 1224 propriae,
503 1166 554 1202 ut
590 1154 749 1201 melius
785 1153 1142 1214 distinguantur,
1196 1150 1338 1196 littera
1375 1150 1410 1195 L
1446 1153 1493 1195 in
1526 1152 1723 1213 margine
1757 1147 1970 1196 notandas

219 1262 480 1307 curavimus.

288 1360 477 1406 Cunctas
519 1359 684 1421 patriae
723 1353 893 1418 plantas
937 1352 1163 1416 indigenas
1214 1368 1293 1398 nos
1337 1367 1644 1409 enumerasse,
1697 1368 1781 1398 nec
1824 1350 1972 1397 ullum

220 1470 447 1510 auctorum
483 1459 784 1506 testimonium
825 1454 1099 1519 neglexisse,
1155 1456 1241 1500 nisi
1282 1453 1338 1500 ab
1385 1453 1480 1500 aliis
1524 1452 1794 1499 sufficienter
1838 1455 1972 1500 tuerit

220 1565 524 1618 contutatum,
562 1562 875 1606 existimamus.
946 1555 1155 1603 Attamen
1193 1555 1359 1601 multae
1389 1573 1440 1601 cx
1475 1555 1544 1600 his
1574 1553 1735 1601 dubiae
1765 1535 1868 1600 sunt
1897 1560 1973 1600 aut

219 1670 423 1713 incertae.
509 1661 621 1708 Illae
663 1662 823 1724 partim
856 1660 952 1723 jam
988 1661 1035 1704 in
1071 1657 1196 1704 Flora
1233 1656 1362 1724 Belg,
1392 1655 1511 1720 Sept.
1549 1673 1651 1703 cum
1687 1655 1972 1703 dubitationis

220 1773 344 1834 signo
379 1768 533 1812 citatae
567 1769 700 1822 sunt3
750 1778 828 1806 nos
864 1777 963 1806 vcro
998 1775 1086 1822 quo
1122 1759 1281 1805 melius
1324 1777 1347 1805 a
1390 1757 1647 1804 certioribus
1695 1765 1738 1804 et
1774 1757 1978 1804 indubiis

221 1871 561 1934 dignoscantur,
613 1867 707 1911 sine
743 1879 928 1909 numero
963 1865 1010 1907 in
1043 1838 1290 1924 catalogum
1321 1859 1568 1906 retulimus.
1655 1841 1856 1906 Incertae
1886 1874 1972 1905 no-

219 1973 288 2019 bis
322 1977 426 2017 sunt
459 1969 690 2033 praecipue
716 2002 726 2022 ,
771 1981 961 2027 quarum
996 1965 1237 2024 specimina
1274 1961 1482 2025 indigena
1521 1977 1612 2006 non
1649 1959 1840 2006 vidimus
1871 1962 1970 2024 ipsi.

219 2074 589 2122 Enumeravimus
622 2082 800 2130 quoque
834 2068 948 2111 inter
982 2063 1210 2127 indigenas
1256 2062 1427 2126 plantas
1469 2078 1560 2107 non
1601 2069 1805 2118 tantum,
1859 2076 1974 2123 quae

219 2174 387 2236 ubique
433 2173 520 2218 sere
562 2173 609 2215 in
644 2169 881 2214 hominum
922 2182 1055 2212 usum
1099 2164 1307 2211 coluntur
1353 2180 1456 2210 cum
1499 2166 1546 2208 in
1594 2165 1740 2226 agris,
1795 2170 1891 2209 tum
1926 2165 1980 2210 in·

221 2276 454 2330 oleraceis,
517 2271 596 2318 sed
646 2271 777 2316 ctiam
827 2266 1002 2313 arbores
1053 2264 1109 2312 ad
1159 2268 1250 2313 vias
1301 2271 1344 2311 et
1389 2266 1438 2309 in
1488 2261 1752 2308 ambulacris
1804 2261 1973 2325 ubique

219 2377 435 2443 plantatas
456 2409 467 2431 ,
503 2388 616 2434 quae
661 2377 736 2416 aut
776 2384 928 2414 omnes
969 2364 1269 2412 excludendae
1299 2371 1431 2420 sunt,
1467 2370 1568 2420 aut,
1605 2361 1723 2424 quod
1755 2372 1973 2426 praestare

220 2477 421 2533 videtur,
442 2473 681 2521 cultarum
698 2469 826 2516 titulo
845 2467 1168 2516 enumerandae
1186 2463 1258 2531 (l)
1270 2483 1283 2527 5
1320 2466 1405 2513 hoc
1424 2467 1542 2512 enim
1561 2463 1693 2511 modo
1714 2463 1944 2512 distinctae
1957 2500 1971 2524 ,

221 2597 325 2627 cum
358 2594 458 2624 verc
491 2573 710 2638 indigenis
744 2569 957 2619 confundi
991 2586 1081 2616 non
1110 2576 1306 2633 possunt.

291 2681 477 2735 Restat,
531 2684 582 2722 ut
615 2674 832 2721 Botanicis
868 2671 1165 2726 nostratibuS,
1222 2685 1412 2732 quorum
1451 2667 1773 2715 observationes
1810 2684 1975 2733 magno·

220 2787 332 2834 mihi
365 2787 413 2829 iu
444 2777 566 2828 haud
594 2777 681 2825 levi
713 2774 861 2823 labore
896 2774 1074 2820 {uerunt
1105 2771 1388 2837 adjumento,
1436 2778 1609 2835 gratum
1642 2773 1844 2818 animum
1876 2772 1970 2834 sig-

218 2889 411 2936 nisieem.

286 2992 344 3038 In
376 2981 639 3035 elaborando
673 2978 912 3028 Prodromo
945 2979 1112 3025 strenui
1143 2974 1362 3042 adjutores
1396 2974 1510 3021 mihi
1544 2974 1723 3021 suerunt
1752 2975 1856 3020 socii
1883 2990 1970 3022 am.

217 3107 635 3128 ...-—-..-...--

275 3167 331 3221 (1)
360 3168 403 3205 In
430 3177 484 3204 η.
511 3176 546 3203 Β.
573 3175 603 3203 s.
633 3162 877 3215 recipiuntur
914 3158 1072 3198 Linum
1107 3157 1435 3196 usitatissimum
1452 3183 1464 3205 ,
1511 3156 1756 3208 Polyyonum
1781 3153 1972 3204 Fagopy-

220 3254 310 3280 rum
326 3268 338 3289 ,
368 3237 566 3277 Aesculus
592 3235 940 3285 Hippocastanum
957 3259 969 3279 ,
999 3230 1132 3280 Faqus
1158 3229 1359 3280 sylvatica
1382 3218 1487 3277 etc.‚4
1530 3225 1600 3266 sed
1627 3225 1722 3266 omit
1741 3230 1863 3264 umm-
1895 3223 1974 3263 0οό

221 3311 351 3351 realia
370 3339 381 3361 ,
412 3307 590 3359 Populus
610 3305 865 3356 fastigiata,
898 3301 1030 3340 Pinus
1063 3300 1220 3349 Larix,
1251 3306 1325 3338 ete.
