2132 3921
590 821 1558 907 PRAEFATIO.

982 1331 1198 1373 Belgicarum
1222 1332 1490 1364 Provinciarum
1524 1333 1651 1373 Flora,
1692 1337 1776 1366 utut
1797 1344 1953 1378 pauper,

1035 1402 1114 1424 suos
1151 1395 1266 1423 tamen
1302 1393 1441 1426 invenit
1469 1398 1651 1431 amatores.

1077 1471 1137 1511 (C.
1160 1472 1322 1503 Srnncn.
1338 1497 1345 1511 ‚
1373 1475 1466 1506 Hist.
1487 1476 1543 1507 rei
1564 1474 1675 1510 Herb.
1702 1476 1748 1509 ll.
1776 1476 1914 1517 p-474.)

253 1875 395 1930 Erunt
430 1884 609 1930 sortasse
644 1886 759 1929 inter
795 1889 993 1939 exterOS,
1043 1880 1265 1947 siquidem
1309 1881 1365 1929 ad
1410 1882 1509 1930 illos
1555 1886 1785 1948 perveniat
1831 1884 1958 1931 hicce

183 1987 395 2045 libellus,
436 1989 515 2053 qui
549 1989 767 2033 mirentur
803 1993 843 2032 et
882 1988 1134 2049 vituperent
1168 1984 1498 2033 Prodromum
1527 1996 1748 2035 nostrum
1781 1987 1958 2036 Florae

183 2089 406 2136 Baianae
453 2092 524 2136 vix
560 2088 672 2154 quid
718 2091 944 2135 continere
979 2095 1152 2152 praeter
1194 2088 1448 2154 plantarum
1493 2089 1806 2155 indigenarum
1836 2098 1960 2138 cata-

183 2192 364 2257 logum,
429 2191 645 2256 solitoque
700 2207 1056 2256 synonymorum
1107 2199 1151 2238 et
1203 2192 1484 2257 diagnosium
1537 2202 1750 2260 apparatu
1795 2173 1957 2243 cerere.

183 2294 323 2359 Cujus
358 2310 461 2340 vero
491 2293 814 2357 simplicitatis,
851 2311 929 2341 seu
974 2297 1114 2341 mavis
1161 2295 1409 2354 nuditatis,
1446 2313 1590 2362 quum
1630 2299 1678 2343 in
1713 2300 1856 2343 causis
1900 2299 1957 2344 sit

180 2397 451 2444 insufficiens
476 2405 518 2443 et
548 2395 829 2464 imperfecta,
868 2413 982 2461 quae
1014 2396 1142 2443 nobis
1178 2401 1396 2462 suppetit,
1433 2398 1689 2463 plantarum
1719 2398 1957 2464 indigena·-

176 2519 278 2550 rutn
311 2503 464 2548 notitia
500 2497 642 2566 (quod
676 2517 809 2548 nemo
839 2503 1103 2547 nostratium
1135 2500 1264 2548 facile
1298 2498 1529 2566 negabit),
1567 2502 1650 2549 hac
1673 2502 1957 2566 praefatiun-

175 2605 275 2652 cula
319 2604 453 2670 paulo
493 2605 633 2651 fusius
678 2603 733 2651 de
780 2622 830 2651 ea
876 2621 1094 2669 exponere
1140 2603 1262 2652 haud
1308 2604 1587 2669 superfluum
1632 2622 1726 2653 esse
1761 2606 1955 2653 videtur.

173 2707 350 2756 Floram
382 2711 564 2772 insuper
598 2715 792 2755 nostram
826 2724 1032 2773 quaeque
1076 2725 1101 2754 a
1142 2710 1271 2754 variis
1319 2708 1606 2772 scriptoribus
1644 2707 1700 2756 de
1740 2708 1818 2756 illa
1861 2716 1970 2756 tra-->

171 2809 263 2858 dita
298 2819 432 2868 sunt,
471 2812 626 2856 exteris
662 2795 819 2873 parum
855 2817 959 2857 nota
995 2827 1113 2872 esse,
1152 2812 1326 2875 saepius
1362 2814 1530 2876 experti
1559 2828 1732 2860 sumus·

237 2912 407 2960 Primas
443 2913 695 2978 plantarum
732 2921 872 2960 terrae
905 2912 1094 2960 Batavae
1128 2912 1442 2978 indigenarum
1491 2917 1668 2961 notitias
1719 2917 1950 2962 continent

167 3032 299 3079 opera
333 3015 613 3063 conditorum
649 3015 879 3063 Botanices
904 3052 915 3073 ,
968 3015 1231 3075 Donomm,
1285 3015 1470 3063 Lonnrn
1515 3023 1558 3064 et
1604 3015 1786 3077 Cwsn,
1831 3035 1952 3083 quo-

166 3136 268 3181 rum
299 3122 551 3166 testimonia
585 3122 696 3166 tanti
727 3117 1114 3178 aestumabantur‚
1152 3127 1203 3166 ut
1230 3136 1256 3166 a
1285 3118 1613 3184 Phytographis
1647 3122 1820 3167 serioris
1851 3123 1947 3168 aevi

165 3218 486 3283 (Ruunt-zur,
524 3221 773 3281 Numm,
812 3220 892 3287 al.)
931 3222 1132 3289 religiosa
1160 3225 1289 3289 quasi
1327 3222 1417 3270 fide
1461 3225 1645 3287 repetita
1690 3222 1945 3282 videamus,

163 3340 276 3388 quae
316 3323 372 3372 ab
418 3324 507 3373 iliis
547 3324 703 3376 tradita
739 3327 1027 3375 invenissent.
1101 3306 1377 3376 Exstitcrunt
1425 3334 1573 3374 tamen
1620 3332 1662 3374 et
1710 3325 1816 3387 alii,
1865 3329 1943 3393 qui
