2132 3921
1054 277 1143 316 VII

195 427 549 494 ‘Clrffortz'anus
586 424 786 494 ejusdem
823 425 1055 474 clarissimi
1092 428 1189 474 viri.
1275 424 1473 473 Tandem
1525 426 1792 493 perdiligens
1841 429 1970 477 GOR'-

202 547 334 579 ’renus
377 549 494 580 anno
542 528 671 578 1767
718 527 849 576 titulo
895 527 1068 575 Florae
1120 526 1355 595 Belgicae
1401 527 1539 576 edidit
1590 546 1730 594 opus,
1782 533 1830 576 in
1874 547 1962 596 quo

200 642 388 692 cuncta,
442 651 556 700 quae
590 649 732 697 usque
774 647 825 678 eo
862 629 918 677 de
957 630 1120 694 plantis
1161 629 1383 695 indigenis
1429 645 1509 693 per
1553 630 1638 678 alia
1681 634 1964 679 innotuerant

199 754 401 802 quaeque
437 739 565 784 variis
616 732 870 798 regionibus
923 731 1239 797 investigandis
1292 735 1386 795 ipse
1434 731 1672 791 didicerat,
1722 736 1771 779 in
1821 749 1966 780 unum

196 838 386 904 collegit.
457 839 545 899 Qui
579 836 722 893 liber,
768 852 1042 900 quamquam
1079 833 1254 882 duobus
1288 834 1612 898 supplementis
1646 833 1772 881 brevi
1809 840 1964 882 auctus

196 939 348 995 (1768
384 947 427 988 et
465 938 614 1005 1771)
659 942 877 1003 integram
925 945 1085 984 terram
1135 937 1346 985 Batavam
1390 937 1628 1000 complecti
1673 935 1962 993 censebatur,
2011 935 2019 941 ²

194 1048 343 1090 tamen
373 1042 572 1105 plurium
607 1041 941 1089 Provinciarum
977 1039 1149 1103 plantas
1181 1039 1412 1105 indigenas
1447 1048 1522 1087 aut
1557 1056 1733 1103 prorsus
1768 1042 1938 1104 ignotas
1958 1075 1970 1096 ,

193 1152 268 1192 aut
303 1145 559 1208 imperfecte
593 1147 789 1209 cognitas
837 1143 985 1190 adhuc
1030 1143 1194 1200 fuisse,
1242 1146 1406 1209 cuique
1450 1151 1608 1206 sponte
1642 1149 1776 1206 patet.
1849 1141 1963 1188 Huic

191 1245 383 1293 defectui
418 1263 520 1292 mox
557 1244 678 1291 idem
712 1244 957 1291 indefessus
1000 1247 1186 1309 scriptor
1219 1244 1390 1292 mederi
1427 1248 1611 1292 tentavit
1640 1243 1812 1292 edendo
1846 1243 1964 1290 Flo-

189 1363 295 1393 ram
334 1346 452 1393 VII
480 1346 716 1391 Provino.
754 1343 893 1408 Belg.
932 1344 1152 1408 eonfoed.
1188 1341 1394 1408 (1781),
1457 1363 1545 1410 qua
1598 1353 1695 1392 tum
1740 1348 1961 1411 propriis,

188 1454 286 1494 tum
321 1446 540 1504 aliorum,
576 1447 779 1510 inprimis
811 1448 973 1509 egregii
996 1444 1267 1492 RamvlLtm
1302 1444 1707 1505 observationibuS,
1743 1450 1965 1511 cognitio-

185 1567 291 1597 nem
326 1548 579 1614 plantarum
610 1547 922 1612 indigenarum
961 1549 1193 1612 insigniter
1236 1551 1357 1595 auxit
1402 1548 1672 1615 lacunasque
1716 1548 1960 1616 permultas

185 1671 209 1700 a
242 1650 591 1717 praecessoribus
626 1649 799 1697 relictas
838 1649 1015 1714 explere
1049 1658 1231 1697 conatus
1267 1658 1344 1698 est.
1433 1651 1600 1699 Tamen
1637 1659 1679 1699 et
1718 1655 1813 1717 ipse
1853 1652 1961 1718 plu-

183 1757 306 1802 rimis
336 1753 591 1819 augendum
629 1761 672 1800 et
702 1751 1038 1800 emendandum
1072 1769 1183 1817 opus
1223 1753 1549 1802 successoribus
1582 1754 1778 1820 reliquit.
1862 1756 1969 1816 Quo

182 1875 366 1904 munere
398 1857 537 1903 functi
567 1863 672 1902 sunt
707 1855 972 1904 Emmaaws
993 1892 1004 1914 ‚
1052 1865 1179 1904 acute
1200 1894 1211 1914 ,
1261 1865 1311 1903 ut
1346 1834 1545 1915 solebat,
1590 1857 1763 1922 plantas
1804 1861 1852 1906 in
1882 1860 1959 1905 iti-

181 1978 285 2007 nere
315 1977 393 2025 per
421 1959 677 2006 Provincias
701 1966 870 2005 nostras
899 1959 1013 2005 facto
1042 1958 1278 2007 observans
1308 1957 1412 2024 (l);
1453 1967 1548 2007 tum
1568 1998 1580 2018 ‚
1618 1978 1754 2026 quem
1783 1963 1963 2026 saepius

179 2062 256 2109 ille
286 2066 332 2108 in
366 2061 698 2110 excursionibus
740 2061 901 2109 ducem
940 2070 984 2109 et
1023 2065 1232 2110 comitem
1268 2062 1491 2120 habebat,
1547 2063 1766 2111 Gmmsms
1806 2062 1878 2129 (2)
1913 2073 1956 2111 et

178 2164 359 2211 tandem
394 2180 449 2210 m:
479 2163 600 2210 Gm.
620 2162 707 2229 (3).
779 2164 835 2210 Hi
866 2172 1044 2223 tamen,
1082 2183 1357 2231 quamquam
1391 2169 1488 2230 pari
1523 2144 1669 2232 atque
1691 2167 1957 2214 Efflfflamns

177 2266 406 2314 Botanices
432 2282 579 2312 amore
607 2265 841 2330 flagrantes
870 2269 1056 2332 parique
1086 2267 1142 2314 ad
1161 2266 1337 2314 Floram
1356 2267 1614 2332 indigenam
1633 2269 1959 2317 observandam-

175 2367 328 2416 ardore
346 2366 546 2432 adpulsi,
571 2365 827 2414 uberiorum
864 2366 1116 2414 studiorum
1150 2369 1378 2415 fruetuum
1406 2373 1780 2434 expectationem,
1816 2388 1965 2437 quam-

175 2473 396 2536 primitiae
427 2476 684 2526 moverant,
721 2471 870 2516 nescio
908 2487 998 2534 quo
1028 2470 1141 2528 fato,
1174 2469 1442 2518 fefellerunt.

242 2571 450 2621 Alterum
466 2588 601 2636 opuS,
626 2572 879 2618 universam
899 2571 1075 2619 Floram
1094 2573 1307 2621 Batavam
1320 2574 1644 2639 complectens,
1673 2575 1821 2624 Flora
1838 2575 1888 2623 B
1915 2578 1951 2625 l-

169 2676 252 2742 gii
280 2672 675 2739 septentrionalis
695 2709 706 2730 ,
743 2681 918 2721 auctore
949 2674 1014 2722 Cl.
1048 2674 1101 2723 H.
1127 2674 1174 2723 C.
1198 2692 1286 2722 ΠΝ
1311 2676 1458 2735 Hirr,
1493 2677 1724 2726 Botanices
1743 2682 1791 2726 in
1810 2679 1961 2729 Acad..

175 2778 458 2842 Groningana
478 2773 740 2833 Professore,
761 2783 909 2824 nostro
927 2777 1110 2824 demum
1129 2795 1235 2826 aevo
1252 2778 1429 2843 prodiit.
1461 2778 1584 2827 Hane
1602 2780 1736 2845 paulo
1751 2800 1949 2847 praeces·
1985 2819 1989 2822 -

171 2888 343 2929 serant:
375 2879 428 2926 H.
448 2877 734 2925 Scuuuflfflus
752 2876 1013 2927 Smxnovm
1027 2918 1039 2939 ,
1070 2877 1284 2929 Kruidk.
1305 2880 1948 2950 Handhoek(1815-1818)‚

171 2982 388 3039 Mutum,
448 2979 697 3027 Elenehus
748 2979 1035 3045 plantarum
1092 2985 1230 3031 eirca
1280 2983 1488 3033 Leidam
1535 3002 1668 3036 naso.
1722 2985 1854 3036 1818
1901 2997 1946 3037 et

223 3198 280 3252 (1)
309 3201 490 3253 Beitriige
506 3214 575 3239 zur
589 3199 865 3242 Naturkunde.
894 3201 964 3242 2er
977 3201 1048 3242 Th.
1064 3202 1284 3244 Hannover.
1311 3204 1483 3257 Magasin
1499 3206 1618 3248 1783.
1634 3205 1690 3248 St.
1708 3207 1898 3250 12—-18,-2

226 3268 282 3321 (2)
311 3271 438 3311 Plant.
466 3271 579 3325 Belg.
610 3272 834 3314 eonfoeder.
863 3272 1039 3327 indigen.
1072 3274 1337 3328 spicilegium.
1381 3278 1502 3318 1778.

226 3338 283 3394 (3)
312 3341 437 3384 Plant.
465 3343 577 3398 Belg.
612 3343 790 3386 confoed.
821 3344 946 3400 indig.
977 3345 1103 3398 spicil.
1134 3345 1316 3389 alterum,
1358 3346 1481 3389 1814.
